%% This BibTeX bibliography file was created using BibDesk.
%% http://bibdesk.sourceforge.net/


%% Created for Mudit Garg at 2017-07-19 23:54:53 +0200 


%% Saved with string encoding Unicode (UTF-8) 



@url{AuNR2,
	Date-Added = {2017-07-19 15:17:56 +0000},
	Date-Modified = {2017-07-19 15:36:40 +0000},
	Read = {1},
	Title = {https://www.thermofisher.com/nl/en/home/references/molecular-probes-the-handbook/introduction-to-fluorescence-techniques.html},
	Url = {https://www.thermofisher.com/nl/en/home/references/molecular-probes-the-handbook/introduction-to-fluorescence-techniques.html},
	Bdsk-Url-1 = {https://www.thermofisher.com/nl/en/home/references/molecular-probes-the-handbook/introduction-to-fluorescence-techniques.html}}

@article{AuNR1,
	Author = {Wulf, Verena and Knoch, Fabian and Speck, Thomas and S{\"o}nnichsen, Carsten},
	Date-Modified = {2017-07-16 15:10:16 +0000},
	Doi = {10.1021/acs.jpclett.6b02165},
	Eprint = {http://dx.doi.org/10.1021/acs.jpclett.6b02165},
	Journal = {The Journal of Physical Chemistry Letters},
	Note = {PMID: 27934054},
	Number = {23},
	Pages = {4951-4955},
	Title = {Gold Nanorods as Plasmonic Sensors for Particle Diffusion},
	Url = {http://dx.doi.org/10.1021/acs.jpclett.6b02165},
	Volume = {7},
	Year = {2016},
	Bdsk-Url-1 = {http://dx.doi.org/10.1021/acs.jpclett.6b02165}}

@article{AuNR3,
	Author = {Haustein, Elke and Schwille, Petra},
	Citeulike-Article-Id = {10385563},
	Citeulike-Linkout-0 = {http://dx.doi.org/10.1146/annurev.biophys.36.040306.132612},
	Date-Modified = {2017-07-19 21:54:45 +0000},
	Doi = {10.1146/annurev.biophys.36.040306.132612},
	Journal = {Annual Review of Biophysics and Biomolecular Structure},
	Keywords = {fcs},
	Pages = {151--169},
	Posted-At = {2012-02-25 19:04:42},
	Priority = {2},
	Read = {0},
	Title = {{Fluorescence Correlation Spectroscopy: Novel Variations of an Established Technique}},
	Url = {http://dx.doi.org/10.1146/annurev.biophys.36.040306.132612},
	Volume = {36},
	Year = {2007},
	Bdsk-Url-1 = {http://dx.doi.org/10.1146/annurev.biophys.36.040306.132612}}
